@misc{riscv-wiki,
  title        = {{RISC-V}},
  author       = {wikipedia.org},
  howpublished = {\url{https://de.wikipedia.org/wiki/RISC-V}},
  note         = {[Zugegriffen 03.2021]}
}

@misc{fpga-wiki,
  title        = {{FPGA}},
  author       = {wikipedia.org},
  howpublished = {\url{https://de.wikipedia.org/wiki/Field_Programmable_Gate_Array}},
  note         = {[Zugegriffen 03.2021]}
}


@misc{riscv-isa-specs,
  title        = {{RISC-V Spec}},
  author       = {riscv.org},
  howpublished = {\url{https://github.com/riscv/riscv-isa-manual/releases/download/Ratified-IMAFDQC/riscv-spec-20191213.pdf}},
  note         = {[Zugegriffen 03.2021]}
}


@misc{von-neumann-architektur,
  title        = {{Von-Neumann-Architektur}},
  author       = {wikipedia.org},
  howpublished = {\url{https://de.wikipedia.org/wiki/Von-Neumann-Architektur}},
  note         = {[Zugegriffen 03.2021]}
}

@misc{pipelining,
  title        = {{Pipelining}},
  author       = {wikipedia.org},
  howpublished = {\url{https://de.wikipedia.org/wiki/Pipeline_(Prozessor)}},
  note         = {[Zugegriffen 03.2021]}
}


@misc{cpi,
  title        = {{Cycles per instruction}},
  author       = {wikipedia.org},
  howpublished = {\url{https://en.wikipedia.org/wiki/Cycles_per_instruction}},
  note         = {[Zugegriffen 03.2021]}
}